<?xml version="1.0" encoding="UTF-8"?>
<OAI-PMH xmlns="http://www.openarchives.org/OAI/2.0/" xmlns:xsi="http://www.w3.org/2001/XMLSchema-instance" xsi:schemaLocation="http://www.openarchives.org/OAI/2.0/ http://www.openarchives.org/OAI/2.0/OAI-PMH.xsd">
  <ListRecords>
    <record>
      <header>
        <identifier>aleph-publish:001495118</identifier>
      </header>
      <metadata>
        <record xmlns="http://www.ddb.de/professionell/mabxml/mabxml-1.xsd">
          <leader>01450nM2.01200024------h</leader>
          <controlfield tag="LDR">01450nM2.01200024------h</controlfield>
          <controlfield tag="FMT">MH</controlfield>
          <datafield tag="001" ind1="-" ind2="1">
            <subfield code="a">HT017307117</subfield>
          </datafield>
          <datafield tag="002" ind1="a" ind2="1">
            <subfield code="a">20120705</subfield>
          </datafield>
          <datafield tag="003" ind1="-" ind2="1">
            <subfield code="a">20120705143719</subfield>
          </datafield>
          <datafield tag="004" ind1="-" ind2="1">
            <subfield code="a">20120710</subfield>
          </datafield>
          <datafield tag="025" ind1="a" ind2="1">
            <subfield code="a">1023974479</subfield>
          </datafield>
          <datafield tag="025" ind1="z" ind2="1">
            <subfield code="a">2670334-8</subfield>
          </datafield>
          <datafield tag="026" ind1="-" ind2="1">
            <subfield code="a">ZDB2670334-8</subfield>
          </datafield>
          <controlfield tag="030">b|1dcz|z|||37</controlfield>
          <datafield tag="036" ind1="a" ind2="1">
            <subfield code="a">XA-DXDE</subfield>
          </datafield>
          <datafield tag="037" ind1="b" ind2="1">
            <subfield code="a">ger</subfield>
          </datafield>
          <controlfield tag="050">||||||||g|||||</controlfield>
          <controlfield tag="052">p||||||z|||||||</controlfield>
          <controlfield tag="058">cr|cn 024||a||</controlfield>
          <datafield tag="070" ind1="-" ind2="1">
            <subfield code="a">9024</subfield>
          </datafield>
          <datafield tag="070" ind1="a" ind2="1">
            <subfield code="a">DNB</subfield>
          </datafield>
          <datafield tag="070" ind1="b" ind2="1">
            <subfield code="a">9024</subfield>
          </datafield>
          <datafield tag="076" ind1="c" ind2="1">
            <subfield code="a">ld</subfield>
            <subfield code="a">dm</subfield>
          </datafield>
          <datafield tag="078" ind1="z" ind2="1">
            <subfield code="a">lzZDB</subfield>
          </datafield>
          <datafield tag="100" ind1="b" ind2="1">
            <subfield code="p">Rambach, Johann Jakob</subfield>
            <subfield code="d">1693-1735</subfield>
            <subfield code="9">(DE-588)119091852</subfield>
            <subfield code="b">[Hrsg.]</subfield>
          </datafield>
          <datafield tag="104" ind1="b" ind2="1">
            <subfield code="p">Neubauer, Ernst Friedrich</subfield>
            <subfield code="d">1705-1748</subfield>
            <subfield code="9">(DE-588)104196548</subfield>
            <subfield code="b">[Hrsg.]</subfield>
          </datafield>
          <datafield tag="108" ind1="b" ind2="1">
            <subfield code="p">Fresenius, Johann Philipp</subfield>
            <subfield code="d">1705-1761</subfield>
            <subfield code="9">(DE-588)11869314X</subfield>
            <subfield code="b">[Hrsg.]</subfield>
          </datafield>
          <datafield tag="331" ind1="-" ind2="1">
            <subfield code="a">Hessisches Heb-Opfer Theologischer und Philologischer Anmerckungen</subfield>
          </datafield>
          <datafield tag="334" ind1="-" ind2="1">
            <subfield code="a">Elektronische Ressource</subfield>
          </datafield>
          <datafield tag="359" ind1="-" ind2="1">
            <subfield code="a">[Hrsg.: Johann Jakob Rambach; Ernst Friedrich Neubauer; Johann Philipp Fresenius]</subfield>
          </datafield>
          <datafield tag="405" ind1="-" ind2="1">
            <subfield code="a">1.1734/36 - 6.1754/58 = St. 1-60</subfield>
          </datafield>
          <datafield tag="410" ind1="-" ind2="1">
            <subfield code="a">Gießen</subfield>
          </datafield>
          <datafield tag="412" ind1="-" ind2="1">
            <subfield code="a">Krieger</subfield>
          </datafield>
          <datafield tag="418" ind1="-" ind2="1">
            <subfield code="a">Franckfurt</subfield>
            <subfield code="g"> Brönner</subfield>
            <subfield code="h">1734-1737</subfield>
          </datafield>
          <datafield tag="425" ind1="b" ind2="1">
            <subfield code="a">1734</subfield>
          </datafield>
          <datafield tag="425" ind1="c" ind2="1">
            <subfield code="a">1758</subfield>
          </datafield>
          <datafield tag="509" ind1="-" ind2="1">
            <subfield code="p">Hrsg. ermittelt nach Kirchner, J.</subfield>
            <subfield code="a"> Bibl. der Zeitschriften des dt. Sprachgebietes 1995. - Hrsg. 1734 - 1735: Johann Jakob Rambach. - Hrsg. 1736 - 1748: Ernst Friedrich Neubauer. - Hrsg. ab 1749: Johann Philipp Fresenius</subfield>
          </datafield>
          <datafield tag="527" ind1="z" ind2="1">
            <subfield code="p">Druckausg. ---&gt;</subfield>
            <subfield code="a">Hessisches Heb-Opfer Theologischer und Philologischer Anmerckungen</subfield>
            <subfield code="9">HT012143813</subfield>
          </datafield>
          <datafield tag="580" ind1="-" ind2="1">
            <subfield code="a">VD18 12233854</subfield>
          </datafield>
          <datafield tag="610" ind1="-" ind2="1">
            <subfield code="a">Digital. Ausg.</subfield>
          </datafield>
          <datafield tag="610" ind1="a" ind2="1">
            <subfield code="a">Göttingen : Nieders. Staats- und Universitätsbibliothek, 2012</subfield>
          </datafield>
          <datafield tag="611" ind1="-" ind2="1">
            <subfield code="a">Göttingen</subfield>
          </datafield>
          <datafield tag="613" ind1="-" ind2="1">
            <subfield code="a">Niedersächsische Staats- und Universitätsbibliothek</subfield>
          </datafield>
          <datafield tag="619" ind1="b" ind2="1">
            <subfield code="a">2012</subfield>
          </datafield>
          <datafield tag="619" ind1="c" ind2="1">
            <subfield code="a">2012</subfield>
          </datafield>
          <datafield tag="621" ind1="b" ind2="1">
            <subfield code="a">VD18 digital</subfield>
          </datafield>
          <datafield tag="652" ind1="a" ind2="1">
            <subfield code="a">Online-Ressource</subfield>
          </datafield>
          <datafield tag="653" ind1="-" ind2="1">
            <subfield code="a">Online-Ressource</subfield>
          </datafield>
          <datafield tag="655" ind1="e" ind2="1">
            <subfield code="u">http://resolver.sub.uni-goettingen.de/purl?PPN718988558</subfield>
            <subfield code="x">Digitalisierung; 1.1734/36 - 6.1754/58 = St. 1-60</subfield>
            <subfield code="z">kostenfrei</subfield>
          </datafield>
          <datafield tag="700" ind1="-" ind2="1">
            <subfield code="a">230</subfield>
            <subfield code="a">ZDB</subfield>
          </datafield>
          <controlfield tag="SYS">001495118</controlfield>
          <datafield tag="LOW" ind1="-" ind2="1">
            <subfield code="a">A5</subfield>
          </datafield>
          <datafield tag="LOW" ind1="-" ind2="1">
            <subfield code="a">B5</subfield>
          </datafield>
          <datafield tag="LOW" ind1="-" ind2="1">
            <subfield code="a">C5</subfield>
          </datafield>
          <datafield tag="LOW" ind1="-" ind2="1">
            <subfield code="a">D0</subfield>
          </datafield>
          <datafield tag="LOW" ind1="-" ind2="1">
            <subfield code="a">E0</subfield>
          </datafield>
          <datafield tag="LOW" ind1="-" ind2="1">
            <subfield code="a">F0</subfield>
          </datafield>
          <datafield tag="LOW" ind1="-" ind2="1">
            <subfield code="a">G5</subfield>
          </datafield>
          <datafield tag="LOW" ind1="-" ind2="1">
            <subfield code="a">H7</subfield>
          </datafield>
          <datafield tag="LOW" ind1="-" ind2="1">
            <subfield code="a">K0001</subfield>
          </datafield>
          <datafield tag="LOW" ind1="-" ind2="1">
            <subfield code="a">K7</subfield>
          </datafield>
          <datafield tag="LOW" ind1="-" ind2="1">
            <subfield code="a">KD</subfield>
          </datafield>
          <datafield tag="LOW" ind1="-" ind2="1">
            <subfield code="a">KH</subfield>
          </datafield>
          <datafield tag="LOW" ind1="-" ind2="1">
            <subfield code="a">KM</subfield>
          </datafield>
          <datafield tag="LOW" ind1="-" ind2="1">
            <subfield code="a">L0</subfield>
          </datafield>
          <datafield tag="LOW" ind1="-" ind2="1">
            <subfield code="a">L5</subfield>
          </datafield>
          <datafield tag="LOW" ind1="-" ind2="1">
            <subfield code="a">M0</subfield>
          </datafield>
          <datafield tag="LOW" ind1="-" ind2="1">
            <subfield code="a">N5</subfield>
          </datafield>
          <datafield tag="LOW" ind1="-" ind2="1">
            <subfield code="a">P0001</subfield>
          </datafield>
          <datafield tag="LOW" ind1="-" ind2="1">
            <subfield code="a">R0</subfield>
          </datafield>
          <datafield tag="LOW" ind1="-" ind2="1">
            <subfield code="a">R1</subfield>
          </datafield>
          <datafield tag="LOW" ind1="-" ind2="1">
            <subfield code="a">R2</subfield>
          </datafield>
          <datafield tag="LOW" ind1="-" ind2="1">
            <subfield code="a">R3</subfield>
          </datafield>
          <datafield tag="LOW" ind1="-" ind2="1">
            <subfield code="a">RL</subfield>
          </datafield>
          <datafield tag="LOW" ind1="-" ind2="1">
            <subfield code="a">T0011</subfield>
          </datafield>
          <datafield tag="LOW" ind1="-" ind2="1">
            <subfield code="a">T0012</subfield>
          </datafield>
          <datafield tag="LOW" ind1="-" ind2="1">
            <subfield code="a">V0</subfield>
          </datafield>
          <datafield tag="LOW" ind1="-" ind2="1">
            <subfield code="a">X0</subfield>
          </datafield>
          <datafield tag="LOW" ind1="-" ind2="1">
            <subfield code="a">X5</subfield>
          </datafield>
          <datafield tag="LOW" ind1="-" ind2="1">
            <subfield code="a">X7</subfield>
          </datafield>
          <datafield tag="GKZ" ind1="-" ind2="1">
            <subfield code="a">KF</subfield>
          </datafield>
          <datafield tag="PPE" ind1="-" ind2="1">
            <subfield code="p">Rambach, Johann Jocob</subfield>
            <subfield code="d">1693-1735</subfield>
            <subfield code="9">(DE-588)119091852</subfield>
          </datafield>
          <datafield tag="PPE" ind1="-" ind2="1">
            <subfield code="p">Rambach, Johann Jacob</subfield>
            <subfield code="d">1693-1735</subfield>
            <subfield code="9">(DE-588)119091852</subfield>
          </datafield>
          <datafield tag="PPE" ind1="-" ind2="1">
            <subfield code="p">Rambach, Joannes J.</subfield>
            <subfield code="d">1693-1735</subfield>
            <subfield code="9">(DE-588)119091852</subfield>
          </datafield>
          <datafield tag="PPE" ind1="-" ind2="1">
            <subfield code="p">Rambach, Johannes J.</subfield>
            <subfield code="d">1693-1735</subfield>
            <subfield code="9">(DE-588)119091852</subfield>
          </datafield>
          <datafield tag="PPE" ind1="-" ind2="1">
            <subfield code="p">Rambach, Ioannes I.</subfield>
            <subfield code="d">1693-1735</subfield>
            <subfield code="9">(DE-588)119091852</subfield>
          </datafield>
          <datafield tag="PPE" ind1="-" ind2="1">
            <subfield code="p">Rambachius, Jo. Jacobus</subfield>
            <subfield code="d">1693-1735</subfield>
            <subfield code="9">(DE-588)119091852</subfield>
          </datafield>
          <datafield tag="PPE" ind1="-" ind2="1">
            <subfield code="p">Rambachius, Johannes Jacobus</subfield>
            <subfield code="d">1693-1735</subfield>
            <subfield code="9">(DE-588)119091852</subfield>
          </datafield>
          <datafield tag="PPE" ind1="-" ind2="1">
            <subfield code="p">Rambachius, Joannes Jacobus</subfield>
            <subfield code="d">1693-1735</subfield>
            <subfield code="9">(DE-588)119091852</subfield>
          </datafield>
          <datafield tag="PPE" ind1="-" ind2="1">
            <subfield code="p">J. J. R.</subfield>
            <subfield code="d">1693-1735</subfield>
            <subfield code="9">(DE-588)119091852</subfield>
          </datafield>
          <datafield tag="PPE" ind1="-" ind2="1">
            <subfield code="p">R., J. J.</subfield>
            <subfield code="d">1693-1735</subfield>
            <subfield code="9">(DE-588)119091852</subfield>
          </datafield>
          <datafield tag="PPE" ind1="-" ind2="1">
            <subfield code="p">Rambach, Joh. Jacob</subfield>
            <subfield code="d">1693-1735</subfield>
            <subfield code="9">(DE-588)119091852</subfield>
          </datafield>
          <datafield tag="PPE" ind1="-" ind2="1">
            <subfield code="p">Rambach, Johann Jocob</subfield>
            <subfield code="d">1693-1735</subfield>
            <subfield code="9">(DE-588)119091852</subfield>
          </datafield>
          <datafield tag="PPE" ind1="-" ind2="1">
            <subfield code="p">Rambach, Johann Jacob</subfield>
            <subfield code="d">1693-1735</subfield>
            <subfield code="9">(DE-588)119091852</subfield>
          </datafield>
          <datafield tag="PPE" ind1="-" ind2="1">
            <subfield code="p">Rambach, Joannes J.</subfield>
            <subfield code="d">1693-1735</subfield>
            <subfield code="9">(DE-588)119091852</subfield>
          </datafield>
          <datafield tag="PPE" ind1="-" ind2="1">
            <subfield code="p">Rambach, Johannes J.</subfield>
            <subfield code="d">1693-1735</subfield>
            <subfield code="9">(DE-588)119091852</subfield>
          </datafield>
          <datafield tag="PPE" ind1="-" ind2="1">
            <subfield code="p">Rambach, Ioannes I.</subfield>
            <subfield code="d">1693-1735</subfield>
            <subfield code="9">(DE-588)119091852</subfield>
          </datafield>
          <datafield tag="PPE" ind1="-" ind2="1">
            <subfield code="p">Rambachius, Jo. Jacobus</subfield>
            <subfield code="d">1693-1735</subfield>
            <subfield code="9">(DE-588)119091852</subfield>
          </datafield>
          <datafield tag="PPE" ind1="-" ind2="1">
            <subfield code="p">Rambachius, Johannes Jacobus</subfield>
            <subfield code="d">1693-1735</subfield>
            <subfield code="9">(DE-588)119091852</subfield>
          </datafield>
          <datafield tag="PPE" ind1="-" ind2="1">
            <subfield code="p">Rambachius, Joannes Jacobus</subfield>
            <subfield code="d">1693-1735</subfield>
            <subfield code="9">(DE-588)119091852</subfield>
          </datafield>
          <datafield tag="PPE" ind1="-" ind2="1">
            <subfield code="p">J. J. R.</subfield>
            <subfield code="d">1693-1735</subfield>
            <subfield code="9">(DE-588)119091852</subfield>
          </datafield>
          <datafield tag="PPE" ind1="-" ind2="1">
            <subfield code="p">R., J. J.</subfield>
            <subfield code="d">1693-1735</subfield>
            <subfield code="9">(DE-588)119091852</subfield>
          </datafield>
          <datafield tag="PPE" ind1="-" ind2="1">
            <subfield code="p">Rambach, Joh. Jacob</subfield>
            <subfield code="d">1693-1735</subfield>
            <subfield code="9">(DE-588)119091852</subfield>
          </datafield>
          <datafield tag="PPE" ind1="-" ind2="1">
            <subfield code="p">Fresenius, Johannes Philip</subfield>
            <subfield code="d">1705-1761</subfield>
            <subfield code="9">(DE-588)11869314X</subfield>
          </datafield>
          <datafield tag="PPE" ind1="-" ind2="1">
            <subfield code="p">Fresenius, Johan Philip</subfield>
            <subfield code="d">1705-1761</subfield>
            <subfield code="9">(DE-588)11869314X</subfield>
          </datafield>
          <datafield tag="PPE" ind1="-" ind2="1">
            <subfield code="p">Fresenius, Johannes Philipp</subfield>
            <subfield code="d">1705-1761</subfield>
            <subfield code="9">(DE-588)11869314X</subfield>
          </datafield>
          <datafield tag="PPE" ind1="-" ind2="1">
            <subfield code="p">Fresenius, Johannes Philippus</subfield>
            <subfield code="d">1705-1761</subfield>
            <subfield code="9">(DE-588)11869314X</subfield>
          </datafield>
          <datafield tag="PPE" ind1="-" ind2="1">
            <subfield code="p">Fresenius, Philippus</subfield>
            <subfield code="d">1705-1761</subfield>
            <subfield code="9">(DE-588)11869314X</subfield>
          </datafield>
          <datafield tag="PPE" ind1="-" ind2="1">
            <subfield code="p">Fresenius, Joh. Phil.</subfield>
            <subfield code="d">1705-1761</subfield>
            <subfield code="9">(DE-588)11869314X</subfield>
          </datafield>
          <datafield tag="PPE" ind1="-" ind2="1">
            <subfield code="p">Fresenius, J. Philipp</subfield>
            <subfield code="d">1705-1761</subfield>
            <subfield code="9">(DE-588)11869314X</subfield>
          </datafield>
          <datafield tag="PPE" ind1="-" ind2="1">
            <subfield code="p">Fresenius, Johann Philip</subfield>
            <subfield code="d">1705-1761</subfield>
            <subfield code="9">(DE-588)11869314X</subfield>
          </datafield>
          <datafield tag="PPE" ind1="-" ind2="1">
            <subfield code="p">Fresenius, J. P.</subfield>
            <subfield code="d">1705-1761</subfield>
            <subfield code="9">(DE-588)11869314X</subfield>
          </datafield>
          <datafield tag="PPE" ind1="-" ind2="1">
            <subfield code="p">Fresenius, Johann P.</subfield>
            <subfield code="d">1705-1761</subfield>
            <subfield code="9">(DE-588)11869314X</subfield>
          </datafield>
          <datafield tag="PPE" ind1="-" ind2="1">
            <subfield code="p">Neubauer, Ernestus F.</subfield>
            <subfield code="d">1705-1748</subfield>
            <subfield code="9">(DE-588)104196548</subfield>
          </datafield>
          <datafield tag="PPE" ind1="-" ind2="1">
            <subfield code="p">Neubauer, F. C.</subfield>
            <subfield code="d">1705-1748</subfield>
            <subfield code="9">(DE-588)104196548</subfield>
          </datafield>
          <datafield tag="PPE" ind1="-" ind2="1">
            <subfield code="p">Fresenius, Johannes Philip</subfield>
            <subfield code="d">1705-1761</subfield>
            <subfield code="9">(DE-588)11869314X</subfield>
          </datafield>
          <datafield tag="PPE" ind1="-" ind2="1">
            <subfield code="p">Fresenius, Johan Philip</subfield>
            <subfield code="d">1705-1761</subfield>
            <subfield code="9">(DE-588)11869314X</subfield>
          </datafield>
          <datafield tag="PPE" ind1="-" ind2="1">
            <subfield code="p">Fresenius, Johannes Philipp</subfield>
            <subfield code="d">1705-1761</subfield>
            <subfield code="9">(DE-588)11869314X</subfield>
          </datafield>
          <datafield tag="PPE" ind1="-" ind2="1">
            <subfield code="p">Fresenius, Johannes Philippus</subfield>
            <subfield code="d">1705-1761</subfield>
            <subfield code="9">(DE-588)11869314X</subfield>
          </datafield>
          <datafield tag="PPE" ind1="-" ind2="1">
            <subfield code="p">Fresenius, Philippus</subfield>
            <subfield code="d">1705-1761</subfield>
            <subfield code="9">(DE-588)11869314X</subfield>
          </datafield>
          <datafield tag="PPE" ind1="-" ind2="1">
            <subfield code="p">Fresenius, Joh. Phil.</subfield>
            <subfield code="d">1705-1761</subfield>
            <subfield code="9">(DE-588)11869314X</subfield>
          </datafield>
          <datafield tag="PPE" ind1="-" ind2="1">
            <subfield code="p">Fresenius, J. Philipp</subfield>
            <subfield code="d">1705-1761</subfield>
            <subfield code="9">(DE-588)11869314X</subfield>
          </datafield>
          <datafield tag="PPE" ind1="-" ind2="1">
            <subfield code="p">Fresenius, Johann Philip</subfield>
            <subfield code="d">1705-1761</subfield>
            <subfield code="9">(DE-588)11869314X</subfield>
          </datafield>
          <datafield tag="PPE" ind1="-" ind2="1">
            <subfield code="p">Fresenius, J. P.</subfield>
            <subfield code="d">1705-1761</subfield>
            <subfield code="9">(DE-588)11869314X</subfield>
          </datafield>
          <datafield tag="PPE" ind1="-" ind2="1">
            <subfield code="p">Fresenius, Johann P.</subfield>
            <subfield code="d">1705-1761</subfield>
            <subfield code="9">(DE-588)11869314X</subfield>
          </datafield>
          <datafield tag="PPE" ind1="-" ind2="1">
            <subfield code="p">Neubauer, Ernestus F.</subfield>
            <subfield code="d">1705-1748</subfield>
            <subfield code="9">(DE-588)104196548</subfield>
          </datafield>
          <datafield tag="PPE" ind1="-" ind2="1">
            <subfield code="p">Neubauer, F. C.</subfield>
            <subfield code="d">1705-1748</subfield>
            <subfield code="9">(DE-588)104196548</subfield>
          </datafield>
        </record>
      </metadata>
    </record>
  </ListRecords>
</OAI-PMH>
